@article{ackermann,
author="Ackermann, Wilhelm",
title="On Hilbert's Construction of Real Numbers",
journal="Mathematische Annalen",
year="1928",
month="Dec",
day="01",
volume="99",
number="1",
pages="118--133",
issn="1432-1807",
doi="10.1007/BF01459088",
url="https://doi.org/10.1007/BF01459088"
}
@article{peter-ackermann,
	author = "Robinson, Raphael M.",
	fjournal = "Bulletin of the American Mathematical Society",
	journal = "Bull. Amer. Math. Soc.",
	month = "10",
	number = "10",
	pages = "987--993",
	publisher = "American Mathematical Society",
	title = "Recursion and double recursion",
	url = "https://projecteuclid.org:443/euclid.bams/1183512393",
	volume = "54",
	year = "1948"
}