@article{ackermann,
author="Ackermann, Wilhelm",
title="On Hilbert's Construction of Real Numbers",
journal="Mathematische Annalen",
year="1928",
month="Dec",
day="01",
volume="99",
number="1",
pages="118--133",
issn="1432-1807",
doi="10.1007/BF01459088",
url="https://doi.org/10.1007/BF01459088"
}

